@article{sano:2014aa,
  author={Sano, K. and Hatsuda, Y. and Yamamoto, S.}, 
  journal={IEEE Transactions on Parallel and Distributed Systems},
  title={{Multi-FPGA Accelerator for Scalable Stencil Computation with Constant Memory Bandwidth}},
  year={2014}, 
  pages={695-705}, 
  month={March},
}
